<?xml version="1.0" encoding="UTF-8"?><collection xmlns="http://www.loc.gov/MARC21/slim"><record><leader>00494nam--2200181-i-4500</leader><controlfield tag="001">000044826</controlfield><controlfield tag="002">20161230</controlfield><controlfield tag="005">20161230201044</controlfield><controlfield tag="008">060222s1000------------r-----000-0-fre-d</controlfield><datafield ind1=" " ind2=" " tag="040"><subfield code="a">IFIN-HH</subfield></datafield><datafield ind1=" " ind2=" " tag="041"><subfield code="a">frE</subfield></datafield><datafield ind1=" " ind2=" " tag="080"><subfield code="a">538.915(043)</subfield></datafield><datafield ind1="1" ind2=" " tag="100"><subfield code="a">Thong, Ngo</subfield></datafield><datafield ind1="1" ind2="0" tag="245"><subfield code="a">Determination de la densite electtronique de aipo4, structure derivee du quartz</subfield><subfield code="b">These</subfield><subfield code="c">Ngo thong</subfield></datafield><datafield ind1=" " ind2=" " tag="260"><subfield code="a">Lausanne</subfield><subfield code="b">Universite</subfield><subfield code="c">1981</subfield></datafield><datafield ind1=" " ind2=" " tag="300"><subfield code="a">154P</subfield></datafield><datafield ind1=" " ind2=" " tag="852"><subfield code="a">71026</subfield><subfield code="c">539.2</subfield></datafield><datafield ind1=" " ind2=" " tag="CAT"><subfield code="a">Sys</subfield><subfield code="c">20121106</subfield><subfield code="h">163020</subfield></datafield></record></collection>